% !TEX root = gw.tex

@article{memoli-2011,
year={2011},
journal={Foundations of Comp. Math.},
volume={11},
number={4},
title={Gromov--{W}asserstein Distances and the Metric Approach to Object Matching},
author={M\'emoli, Facundo},
pages={417--487},
}


@article{Giorgi07,
 author = {Daniela Giorgi and Silvia Biasotti and Laura Paraboschi},
 title = {SHREC: shape retrieval contest: Watertight models track },
 journal = {http://watertight.ge.imati.cnr.it},
 year = {2007},
} 

@article{solomon-2015,
 author = {Solomon, Justin and de Goes, Fernando and Peyr{\'e}, Gabriel and Cuturi, Marco and Butscher, Adrian and Nguyen, Andy and Du, Tao and Guibas, Leonidas},
 title = {Convolutional {W}asserstein Distances: Efficient Optimal Transportation on Geometric Domains},
 journal = {TOG},
 volume = {34},
 number = {4},
 month = jul,
 year = {2015},
 pages = {66:1--66:11},
} 

@article{benamou-2015,
author = {Jean-David Benamou and Guillaume Carlier and Marco Cuturi and Luca Nenna and Gabriel Peyr\'e},
title = {Iterative {B}regman Projections for Regularized Transportation Problems},
journal = {SIAM J. Sci. Comp.},
volume = {37},
number = {2},
pages = {A1111--A1138},
year = {2015},
}

@article{gold-1996,
 author = {Gold, Steven and Rangarajan, Anand},
 title = {A Graduated Assignment Algorithm for Graph Matching},
 journal = {PAMI},
 volume = {18},
 number = {4},
 month = apr,
 year = {1996},
 pages = {377--388},
} 

@ARTICLE{rangarajan-1996, 
author={Rangarajan, A and Gold, S and Mjolsness, E}, 
journal={Neural Comp.}, 
title={A Novel Optimizing Network Architecture with Applications}, 
year={1996}, 
volume={8}, 
number={5}, 
pages={1041--1060}, 
}

@article{rangarajan-1999,
 author = {Rangarajan, Anand and Yuille, Alan and Mjolsness, Eric},
 title = {Convergence Properties of the Softassign Quadratic Assignment Algorithm},
 journal = {Neural Comput.},
 volume = {11},
 number = {6},
 month = aug,
 year = {1999},
 pages = {1455--1474},
}

@article{rangarajan-1997,
  title={A convergence proof for the softassign quadratic assignment algorithm},
  author={Rangarajan, Anand and Yuille, Alan L and Gold, Steven and Mjolsness, Eric},
  journal={Proc. NIPS},
  pages={620--626},
  year={1997},
}

 @inproceedings{huang-2013,
 author = {Huang, Qixing and Guibas, Leonidas},
 title = {Consistent Shape Maps via Semidefinite Programming},
 booktitle = {Proc. SGP},
 year = {2013},
 location = {Genova, Italy},
 pages = {177--186},
}  

@incollection{pachauri-2013,
title = {Solving the multi-way matching problem by permutation synchronization},
author = {Pachauri, Deepti and Kondor, Risi and Singh, Vikas},
booktitle = {Proc. NIPS},
pages = {1860--1868},
year = {2013},
}

@inproceedings{chen-2014, 
    Publisher = {JMLR Workshop and Conference Proceedings}, 
    Title = {Near-Optimal Joint Object Matching via Convex Relaxation}, 
    Author = {Yuxin Chen and Leonidas Guibas and Qixing Huang}, 
    Year = {2014}, 
    Booktitle = {Proc. ICML}, 
    Pages = {100--108} 
   }

@inproceedings{hofmann-1999,
 author = {Hofmann, Thomas},
 title = {Probabilistic Latent Semantic Indexing},
 booktitle = {Proc. SIGIR},
 year = {1999},
 pages = {50--57},
} 

@inproceedings{gaussier-2005,
 author = {Gaussier, Eric and Goutte, Cyril},
 title = {Relation Between {pLSA} and {NMF} and Implications},
 booktitle = {Proc. SIGIR},
 year = {2005},
 pages = {601--602},
} 

@article{hunter-2000,
 author = {Hunter, David and Lange, Kenneth},
 journal = {J. Comp. and Graphical Stats.},
 number = {1},
 pages = {60--77},
 title = {Quantile Regression via an {MM} Algorithm},
 volume = {9},
 year = {2000}
}

@article{meyer-1976,
 author = {Meyer, R. R.},
 title = {Sufficient Conditions for the Convergence of Monotonic Mathematical programming Algorithms},
 journal = {J. Comput. Syst. Sci.},
 volume = {12},
 number = {1},
 month = feb,
 year = {1976},
 pages = {108--121},
} 

@MISC{tropp-2003,
    author = {Joel A. Tropp},
    title = {AN ALTERNATING MINIMIZATION ALGORITHM FOR NON-NEGATIVE MATRIX APPROXIMATION},
    year = {2003}
}

@article{bot-2015,
year={2015},
journal={{EURO} J. Comp. Optim.},
title={An inertial forward--backward algorithm for the minimization of the sum of two nonconvex functions},
author={Bo{\c t}, Radu Ioan and Csetnek, Ern\"รถ Robert and L\'aszl\'o, Szil\'ard Csaba},
pages={1--23},
}

@article{sahni-1976,
 author = {Sahni, Sartaj and Gonzalez, Teofilo},
 title = {P-Complete Approximation Problems},
 journal = {J. ACM},
 volume = {23},
 number = {3},
 month = jul,
 year = {1976},
 pages = {555--565},
} 

@article{sahni-1974,
author = {Sahni, Sartaj},
title = {Computationally Related Problems},
journal = {SIAM J. Comp.},
volume = {3},
number = {4},
pages = {262--279},
year = {1974},
}

@article {kezurer-2015,
journal = {CGF},
title = {Tight Relaxation of Quadratic Matching},
author = {Kezurer, Itay and Kovalsky, Shahar Z. and Basri, Ronen and Lipman, Yaron},
year = {2015},
}

@inproceedings{solomon-2013,
  title={Dirichlet energy for analysis and synthesis of soft maps},
  author={Solomon, Justin and Guibas, Leonidas and Butscher, Adrian},
  booktitle={CGF},
  volume={32},
  number={5},
  pages={197--206},
  year={2013},
}

@INPROCEEDINGS{memoli-2009, 
author={M\'emoli, Facundo}, 
booktitle={Proc. ICCV Workshops}, 
title={Spectral {G}romov-{W}asserstein distances for shape matching}, 
year={2009}, 
pages={256--263}, 
}

@book{pardalos-1994,
  title={Quadratic Assignment and Related Problems},
  editor={Pardalos, P.M. and Wolkowicz, H.},
  year={1994},
  publisher={AMS}
}

@article{loiola-2007,
title = {A survey for the quadratic assignment problem},
journal = "European J. Operational Research",
volume = "176",
number = "2",
pages = "657--690",
year = "2007",
author = "Eliane Maria Loiola and Nair Maria Maia de Abreu and Paulo Oswaldo Boaventura-Netto and Peter Hahn and Tania Querido",
}

@book{cela-2013,
  title={The Quadratic Assignment Problem: Theory and Algorithms},
  author={\c{C}ela, E.},
  series={Combinatorial Optim.},
  year={2013},
  publisher={Springer}
}

@article {kaick-2011,
author = {van Kaick, Oliver and Zhang, Hao and Hamarneh, Ghassan and Cohen-Or, Daniel},
title = {A Survey on Shape Correspondence},
journal = {CGF},
volume = {30},
number = {6},
pages = {1681--1707},
year = {2011},
}

@book{gromov-2001,
  title={Metric Structures for Riemannian and Non-Riemannian Spaces},
  author={Gromov, M.},
  series={Progress in Math.},
  year={2001},
  publisher={Birkh{\"a}user}
}

@incollection{memoli-2007,
author = {M\'emoli, Facundo},
title = {On the use of {G}romov--{H}ausdorff Distances for Shape Comparison},
pages = {81--90},
booktitle = {Symposium on Point Based Graphics},
year = {2007},
}

@INPROCEEDINGS{memoli-2008, 
author={M\'emoli, Facundo}, 
booktitle={Proc. CVPR Workshops}, 
title={Gromov--{H}ausdorff distances in {E}uclidean spaces}, 
year={2008}, 
pages={1--8}, 
}

@Article{memoli-2014,
AUTHOR = {M\'emoli, Facundo},
TITLE = {The {G}romov--{W}asserstein Distance: A Brief Overview},
JOURNAL = {Axioms},
VOLUME = {3},
YEAR = {2014},
NUMBER = {3},
}

@article{rubner-2000,
 author = {Rubner, Yossi and Tomasi, Carlo and Guibas, Leonidas J.},
 title = {The Earth Mover's Distance As a Metric for Image Retrieval},
 journal = {IJCV},
 volume = {40},
 number = {2},
 month = nov,
 year = {2000},
 pages = {99--121},
} 

@book{villani-2003,
  title={Topics in Optimal Transportation},
  author={Villani, C.},
  series={Graduate studies in Math.},
  year={2003},
  publisher={AMS}
}

@incollection{cuturi-2013, 
    Title = {Sinkhorn Distances: Lightspeed Computation of Optimal Transportation}, 
    Booktitle = {Proc. NIPS}, 
    volume={26},
    Author = {Marco Cuturi}, 
    Year = {2013}, 
    Pages = {2292--2300} 
   }
   
   @incollection{quadrianto-2009,
title = {Kernelized Sorting},
author = {Quadrianto, Novi and Song, Le and Alex J. Smola},
booktitle = {Proc. NIPS},
volume = {21},
pages = {1289--1296},
year = {2009},
}

@incollection{smola-2007,
year={2007},
booktitle={Algorithmic Learning Theory},
volume={4754},
series={LNCS},
title={A {H}ilbert Space Embedding for Distributions},
author={Smola, Alex and Gretton, Arthur and Song, Le and Sch\"olkopf, Bernhard},
pages={13--31},
}

@book{bauschke-2011,
  title={Convex Analysis and Monotone Operator Theory in Hilbert Spaces},
  author={Bauschke, H.H. and Combettes, P.L.},
  series={CMS},
  year={2011},
}

@incollection{combettes-2011,
  title={Proximal splitting methods in signal processing},
  author={Combettes, Patrick L and Pesquet, Jean-Christophe},
  booktitle={Fixed-point algorithms for inverse problems in science and engineering},
  pages={185--212},
  year={2011},
}

@article{bauschke-2006,
  title={Joint minimization with alternating {B}regman proximity operators},
  author={Bauschke, Heinz H and Combettes, Patrick L and Noll, Dominikus},
  journal={Pacific J. Optim.},
  volume={2},
  number={3},
  pages={401--424},
  year={2006}
}

@article{attouch-2010,
 author = {Attouch, H{\'e}dy and Bolte, J{\'e}r\^{o}me and Redont, Patrick and Soubeyran, Antoine},
 title = {Proximal Alternating Minimization and Projection Methods for Nonconvex Problems: An Approach Based on the {K}urdyka-{{\L}}ojasiewicz Inequality},
 journal = {Math. Oper. Res.},
 volume = {35},
 number = {2},
 month = may,
 year = {2010},
 pages = {438--457},
}

 @article{kurdyka-1998,
author = {Kurdyka, Krzysztof},
journal = {Annales de l'institut Fourier},
number = {3},
pages = {769--783},
title = {On gradients of functions definable in o-minimal structures},
volume = {48},
year = {1998},
} 

@article{lojasiewicz-1963,
  title={Une propri{\'e}t{\'e} topologique des sous-ensembles analytiques r{\'e}els},
  author={{\L}ojasiewicz, Stanislaw},
  journal={Les {\'e}quations aux d{\'e}riv{\'e}es partielles},
  pages={87--89},
  year={1963}
}

@inproceedings{lojasiewicz-1993,
  title={Sur la g{\'e}om{\'e}trie semi-et sous-analytique},
  author={{\L}ojasiewicz, Stanislaw},
  booktitle={Annales de l'institut Fourier},
  volume={43},
  number={5},
  pages={1575--1595},
  year={1993}
}

@article{solomon-2012,
 author = {Solomon, Justin and Nguyen, Andy and Butscher, Adrian and Ben-Chen, Mirela and Guibas, Leonidas},
 title = {Soft Maps Between Surfaces},
 journal = {CGF},
 volume = {31},
 number = {5},
 month = aug,
 year = {2012},
 pages = {1617--1626},
} 

@article{bronstein-2010,
  title={A {G}romov-{H}ausdorff framework with diffusion geometry for topologically-robust non-rigid shape matching},
  author={Bronstein, Alexander M and Bronstein, Michael M and Kimmel, Ron and Mahmoudi, Mona and Sapiro, Guillermo},
  journal={IJCV},
  volume={89},
  number={2-3},
  pages={266--286},
  year={2010},
}

@ARTICLE{lyzinski-2015, 
author={Lyzinski, V. and Fishkind, D.E. and Fiori, M. and Vogelstein, J.T. and Priebe, C.E. and Sapiro, G.}, 
journal={PAMI}, 
title={Graph Matching: Relax at Your Own Risk}, 
year={2015}, 
}

@article{aflalo-2014,
  author    = {Yonathan Aflalo and
               Alexander M. Bronstein and
               Ron Kimmel},
  title     = {Graph matching: relax or not?},
  journal   = {CoRR},
  volume    = {abs/1401.7623},
  year      = {2014},
}

@article{aflalo-2015,
  title={On convex relaxation of graph isomorphism},
  author={Aflalo, Yonathan and Bronstein, Alexander and Kimmel, Ron},
  journal={Proc. National Academy of Sci.},
  volume={112},
  number={10},
  pages={2942--2947},
  year={2015},
}

@inproceedings{berg-2005,
  title={Shape matching and object recognition using low distortion correspondences},
  author={Berg, Alexander C and Berg, Tamara L and Malik, Jitendra},
  booktitle={Proc. CVPR},
  volume={1},
  pages={26--33},
  year={2005},
}

@article{tangelder-2008,
 author = {Tangelder, Johan W. and Veltkamp, Remco C.},
 title = {A Survey of Content Based 3D Shape Retrieval Methods},
 journal = {Multimedia Tools Appl.},
 volume = {39},
 number = {3},
 month = sep,
 year = {2008},
 pages = {441--471},
} 

@article{bronstein-2011,
 author = {Bronstein, Alexander M. and Bronstein, Michael M. and Guibas, Leonidas J. and Ovsjanikov, Maks},
 title = {Shape {G}oogle: Geometric Words and Expressions for Invariant Shape Retrieval},
 journal = {TOG},
 volume = {30},
 number = {1},
 month = feb,
 year = {2011},
 pages = {1:1--1:20},
} 

@article{rustamov-2013,
 author = {Rustamov, Raif M. and Ovsjanikov, Maks and Azencot, Omri and Ben-Chen, Mirela and Chazal, Fr{\'e}d{\'e}ric and Guibas, Leonidas},
 title = {Map-based Exploration of Intrinsic Shape Differences and Variability},
 journal = {TOG},
 volume = {32},
 number = {4},
 month = jul,
 year = {2013},
 pages = {72:1--72:12},
} 

@article{bregman-1967,
  title={The relaxation method of finding the common point of convex sets and its application to the solution of problems in convex programming},
  author={Bregman, Lev M},
  journal={{USSR} comp. math. and math. phys.},
  volume={7},
  number={3},
  pages={200--217},
  year={1967},
}

@inproceedings{lanckriet-2009,
  title={On the convergence of the concave-convex procedure},
  author={Lanckriet, Gert R and Sriperumbudur, Bharath K},
  booktitle={Proc. NIPS},
  pages={1759--1767},
  year={2009}
}

@article{kim-2012,
 author = {Kim, Vladimir G. and Li, Wilmot and Mitra, Niloy J. and DiVerdi, Stephen and Funkhouser, Thomas},
 title = {Exploring Collections of 3D Models Using Fuzzy Correspondences},
 journal = {ACM Trans. Graph.},
 volume = {31},
 number = {4},
 month = jul,
 year = {2012},
 pages = {54:1--54:11},
} 

@article{ovsjanikov-2012,
 author = {Ovsjanikov, Maks and Ben-Chen, Mirela and Solomon, Justin and Butscher, Adrian and Guibas, Leonidas},
 title = {Functional Maps: A Flexible Representation of Maps Between Shapes},
 journal = {ACM Trans. Graph.},
 volume = {31},
 number = {4},
 month = jul,
 year = {2012},
 pages = {30:1--30:11},
} 

@article{solomon-2014,
 author = {Solomon, Justin and Rustamov, Raif and Guibas, Leonidas and Butscher, Adrian},
 title = {Earth Mover's Distances on Discrete Surfaces},
 journal = {ACM Trans. Graph.},
 volume = {33},
 number = {4},
 month = jul,
 year = {2014},
 pages = {67:1--67:12},
} 

@article{deGoes-2015,
 author = {de Goes, Fernando and Wallez, Corentin and Huang, Jin and Pavlov, Dmitry and Desbrun, Mathieu},
 title = {Power Particles: An Incompressible Fluid Solver Based on Power Diagrams},
 journal = {ACM Trans. Graph.},
 volume = {34},
 number = {4},
 month = jul,
 year = {2015},
 pages = {50:1--50:11},
} 

@article{bonneel-2011,
 author = {Bonneel, Nicolas and van de Panne, Michiel and Paris, Sylvain and Heidrich, Wolfgang},
 title = {Displacement Interpolation Using {L}agrangian Mass Transport},
 journal = {ACM Trans. Graph.},
  volume = {30},
 number = {6},
 month = dec,
 year = {2011},
 pages = {158:1--158:12},
 } 
 
 @inproceedings{degoes-2011,
  title={An optimal transport approach to robust reconstruction and simplification of 2d shapes},
  author={De Goes, Fernando and Cohen-Steiner, David and Alliez, Pierre and Desbrun, Mathieu},
  booktitle={CGF},
  volume={30},
  number={5},
  pages={1593--1602},
  year={2011},
}

@article{deGoes-2012,
 author = {de Goes, Fernando and Breeden, Katherine and Ostromoukhov, Victor and Desbrun, Mathieu},
 title = {Blue Noise Through Optimal Transport},
 journal = {ACM Trans. Graph.},
 volume = {31},
 number = {6},
 month = nov,
 year = {2012},
 pages = {171:1--171:11},
} 

@inproceedings{merigot-2011,
  title={A multiscale approach to optimal transport},
  author={M{\'e}rigot, Quentin},
  booktitle={CGF},
  volume={30},
  number={5},
  pages={1583--1592},
  year={2011},
}

@article{schwartzburg-2014,
 author = {Schwartzburg, Yuliy and Testuz, Romain and Tagliasacchi, Andrea and Pauly, Mark},
 title = {High-contrast Computational Caustic Design},
 journal = {ACM Trans. Graph.},
 issue_date = {July 2014},
 volume = {33},
 number = {4},
 month = jul,
 year = {2014},
 pages = {74:1--74:11},
} 

@inproceedings{fried-2015,
  title={Iso{M}atch: Creating informative grid layouts},
  author={Fried, Ohad and DiVerdi, Stephen and Halber, Maciej and Sizikova, Elena and Finkelstein, Adam},
  booktitle={CGF},
  volume={34},
  number={2},
  pages={155--166},
  year={2015},
}

@book{urakawa-2013,
  title={Calculus of Variations and Harmonic Maps},
  author={Urakawa, H.},
  series={Translations of Math. Monographs},
  year={2013},
  publisher={AMS}
}

@inproceedings{ovsjanikov-2010,
  title={One point isometric matching with the heat kernel},
  author={Ovsjanikov, Maks and M{\'e}rigot, Quentin and M{\'e}moli, Facundo and Guibas, Leonidas},
  booktitle={CGF},
  volume={29},
  number={5},
  pages={1555--1564},
  year={2010},
}

@article{kim-2011,
 author = {Kim, Vladimir G. and Lipman, Yaron and Funkhouser, Thomas},
 title = {Blended Intrinsic Maps},
 journal = {ACM Trans. Graph.},
 volume = {30},
 number = {4},
 month = jul,
 year = {2011},
 pages = {79:1--79:12},
} 

@article{wei-2015,
  author    = {Lingyu Wei and
               Qixing Huang and
               Duygu Ceylan and
               Etienne Vouga and
               Hao Li},
  title     = {Dense Human Body Correspondences Using Convolutional Networks},
  journal   = {CoRR},
  volume    = {abs/1511.05904},
  year      = {2015},
}

@article{bronstein-2006,
  title={Generalized multidimensional scaling: a framework for isometry-invariant partial surface matching},
  author={Bronstein, Alexander M and Bronstein, Michael M and Kimmel, Ron},
  journal={PNAS},
  volume={103},
  number={5},
  pages={1168--1172},
  year={2006},
}

@article{aflalo-2013,
  title={Spectral multidimensional scaling},
  author={Aflalo, Yonathan and Kimmel, Ron},
  journal={PNAS},
  volume={110},
  number={45},
  pages={18052--18057},
  year={2013},
}

@article{waltz-2006,
 author = {Waltz, R. A. and Morales, J. L. and Nocedal, J. and Orban, D.},
 title = {An Interior Algorithm for Nonlinear Optimization That Combines Line Search and Trust Region Steps},
 journal = {Math. Program.},
 volume = {107},
 number = {3},
 month = jul,
 year = {2006},
 pages = {391--408},
} 

@Misc{pauly2015,
  author =       {Pauly, Mark},
  title =        {The Beauty of Geometry ({SGP} keynote)},
  year =         {2015},
  month =        jul,
}


@TechReport{SturmGW,
    title = "The space of spaces: curvature bounds and gradient flows on the space of metric measure spaces",
     author = "K-T. Sturm",
     institution = "arXiv",
     number = "1208.0434",
     type = "Preprint",
     year = "2012",
}

@techreport{coste1999omin,
	Author = {Coste, M.},
	Institution = {Institut de Recherche Mathematiques de Rennes},
	Month = {November},
	Title = {An Introduction to {O}-minimal Geometry},
	Year = {1999}}
	
@article{thakoor-2007,
  title={Hidden {M}arkov model-based weighted likelihood discriminant for 2-{D} shape classification},
  author={Thakoor, Ninad and Gao, Jean and Jung, Sungyong},
  journal={Trans. Image Proc.},
  volume={16},
  number={11},
  pages={2707--2719},
  year={2007},
}

@article{sun-2015,
  title={When Are Nonconvex Problems Not Scary?},
  author={Sun, Ju and Qu, Qing and Wright, John},
  journal={arXiv:1510.06096},
  year={2015}
}

@inproceedings{chen-2015,
  title={Robust Nonrigid Registration by Convex Optimization},
  author={Chen, Qifeng and Koltun, Vladlen},
  booktitle={Proc. ICCV},
  pages={2039--2047},
  year={2015}
}

@inproceedings{leordeanu-2005,
 author = {Leordeanu, Marius and Hebert, Martial},
 title = {A Spectral Technique for Correspondence Problems Using Pairwise Constraints},
 booktitle = {Proc. ICCV},
 year = {2005},
 pages = {1482--1489},
} 

